@article{IEEE830,
  added-at = {2012-07-20T12:26:36.000+0200},
  author = {IEEE},
  biburl = {https://www.bibsonomy.org/bibtex/234c0f952413efb835d6bb516e5a8d104/andiv},
  interhash = {e14b56e2f537bb2bb0a8ed734cb81152},
  intrahash = {34c0f952413efb835d6bb516e5a8d104},
  journal = {IEEE Std 830-1998},
  keywords = {IEEE},
  publisher = {Institute of Electrical and Electronics Engineers},
  timestamp = {2012-07-24T17:15:24.000+0200},
  title = {{IEEE} Guide for Software Requirements Specifications},
  year = 1998
},
@book{adams1995hitchhiker,
  title={The Hitchhiker's Guide to the Galaxy},
  author={Adams, D.},
  isbn={9781417642595},
  url={http://books.google.com/books?id=W-xMPgAACAAJ},
  year={1995},
  publisher={San Val}
}